% This file was created with JabRef 2.9.2.
% Encoding: UTF8
@inproceedings{karagiannis2005blinc,
  title={BLINC: multilevel traffic classification in the dark},
  author={Karagiannis, Thomas and Papagiannaki, Konstantina and Faloutsos, Michalis},
  booktitle={Proceedings of the 2005 conference on Applications, technologies, architectures, and protocols for computer communications},
  pages={229--240},
  year={2005}
}

@article{boutaba2018comprehensive,
  title={A comprehensive survey on machine learning for networking: evolution, applications and research opportunities},
  author={Boutaba, Raouf and Salahuddin, Mohammad A and Limam, Noura and Ayoubi, Sara and Shahriar, Nashid and Estrada-Solano, Felipe and Caicedo, Oscar M},
  journal={Journal of Internet Services and Applications},
  volume={9},
  number={1},
  pages={1--99},
  year={2018},
  publisher={Springer}
}

@article{ring2019survey,
  title={A survey of network-based intrusion detection data sets},
  author={Ring, Markus and Wunderlich, Sarah and Scheuring, Deniz and Landes, Dieter and Hotho, Andreas},
  journal={Computers \& Security},
  volume={86},
  pages={147--167},
  year={2019},
  publisher={Elsevier}
}

@inproceedings{ullah2020scheme,
  title={A scheme for generating a dataset for anomalous activity detection in iot networks},
  author={Ullah, Imtiaz and Mahmoud, Qusay H},
  booktitle={Advances in Artificial Intelligence: 33rd Canadian Conference on Artificial Intelligence, Canadian AI 2020, Ottawa, ON, Canada, May 13--15, 2020, Proceedings 33},
  pages={508--520},
  year={2020},
  organization={Springer}
}

@article{sarhan2022towards,
  title={Towards a standard feature set for network intrusion detection system datasets},
  author={Sarhan, Mohanad and Layeghy, Siamak and Portmann, Marius},
  journal={Mobile networks and applications},
  pages={1--14},
  year={2022},
  publisher={Springer}
}

@article{sharafaldin2018toward,
  title={Toward generating a new intrusion detection dataset and intrusion traffic characterization.},
  author={Sharafaldin, Iman and Lashkari, Arash Habibi and Ghorbani, Ali A},
  journal={ICISSp},
  volume={1},
  pages={108--116},
  year={2018}
}

@inproceedings{rosay2021cic,
  title={From CIC-IDS2017 to LYCOS-IDS2017: A corrected dataset for better performance},
  author={Rosay, Arnaud and Carlier, Florent and Cheval, Elo{\"\i}se and Leroux, Pascal},
  booktitle={IEEE/WIC/ACM International Conference on Web Intelligence and Intelligent Agent Technology},
  pages={570--575},
  year={2021}
}

@article{rosay2022multi,
  title={Multi-layer perceptron for network intrusion detection: From a study on two recent data sets to deployment on automotive processor},
  author={Rosay, Arnaud and Riou, K{\'e}vin and Carlier, Florent and Leroux, Pascal},
  journal={Annals of Telecommunications},
  volume={77},
  number={5-6},
  pages={371--394},
  year={2022},
  publisher={Springer}
}

@inproceedings{al2022dealing,
  title={Dealing with imbalanced data in multi-class network intrusion detection systems using xgboost},
  author={Al-Essa, Malik and Appice, Annalisa},
  booktitle={Machine Learning and Principles and Practice of Knowledge Discovery in Databases: International Workshops of ECML PKDD 2021, Virtual Event, September 13-17, 2021, Proceedings, Part II},
  pages={5--21},
  year={2022},
  organization={Springer}
}

@article{usama2019unsupervised,
  author={Usama, Muhammad and Qadir, Junaid and Raza, Aunn and Arif, Hunain and Yau, Kok-lim Alvin and Elkhatib, Yehia and Hussain, Amir and Al-Fuqaha, Ala},
  journal={IEEE Access},
  title={Unsupervised Machine Learning for Networking: Techniques, Applications and Research Challenges},
  year={2019},
  volume={7},
  number={},
  pages={65579-65615},
  doi={10.1109/ACCESS.2019.2916648}
}

@article{boukhtouta2016network,
  title={Network malware classification comparison using DPI and flow packet headers},
  author={Boukhtouta, Amine and Mokhov, Serguei A and Lakhdari, Nour-Eddine and Debbabi, Mourad and Paquet, Joey},
  journal={Journal of Computer Virology and Hacking Techniques},
  volume={12},
  pages={69--100},
  year={2016},
  publisher={Springer}
}

@article{bhuyan2013network,
  title={Network anomaly detection: methods, systems and tools},
  author={Bhuyan, Monowar H and Bhattacharyya, Dhruba Kumar and Kalita, Jugal K},
  journal={Ieee communications surveys \& tutorials},
  volume={16},
  number={1},
  pages={303--336},
  year={2013},
  publisher={IEEE}
}

@article{linardatos2020explainable,
  title={Explainable ai: A review of machine learning interpretability methods},
  author={Linardatos, Pantelis and Papastefanopoulos, Vasilis and Kotsiantis, Sotiris},
  journal={Entropy},
  volume={23},
  number={1},
  pages={18},
  year={2020},
  publisher={MDPI}
}

@inproceedings{ribeiro2016should,
  title={"Why should i trust you?" Explaining the predictions of any classifier},
  author={Ribeiro, Marco Tulio and Singh, Sameer and Guestrin, Carlos},
  booktitle={Proceedings of the 22nd ACM SIGKDD international conference on knowledge discovery and data mining},
  pages={1135--1144},
  year={2016}
}

@article{joshi2015review,
  title={A review of network traffic analysis and prediction techniques},
  author={Joshi, Manish and Hadi, Theyazn Hassn},
  journal={arXiv preprint arXiv:1507.05722},
  year={2015}
}

@article{le2022classification,
  title={Classification and explanation for intrusion detection system based on ensemble trees and SHAP method},
  author={Le, Thi-Thu-Huong and Kim, Haeyoung and Kang, Hyoeun and Kim, Howon},
  journal={Sensors},
  volume={22},
  number={3},
  pages={1154},
  year={2022},
  publisher={MDPI}
}

@INPROCEEDINGS{tavallaee2009detailed,
  author={Tavallaee, Mahbod and Bagheri, Ebrahim and Lu, Wei and Ghorbani, Ali A.},
  booktitle={2009 IEEE Symposium on Computational Intelligence for Security and Defense Applications},
  title={A detailed analysis of the KDD CUP 99 data set},
  year={2009},
  volume={},
  number={},
  pages={1-6},
  doi={10.1109/CISDA.2009.5356528}
}

@incollection{lundberg2017unified,
title={A Unified Approach to Interpreting Model Predictions},
author={Lundberg, Scott M and Lee, Su-In},
booktitle={Advances in Neural Information Processing Systems 30},
editor={I. Guyon and U. V. Luxburg and S. Bengio and H. Wallach and R. Fergus and S. Vishwanathan and R. Garnett},
pages={4765--4774},
year={2017},
publisher={Curran Associates, Inc.},
url={http://papers.nips.cc/paper/7062-a-unified-approach-to-interpreting-model-predictions.pdf}
}

@inproceedings{bittau2010case,
  title={The case for ubiquitous transport-level encryption},
  booktitle={2010 USENIX Annual Technical Conference (USENIX ATC 10)},
  author={Bittau, Andrea and Hamburg, Michael and Handley, Mark and Mazieres, David and Boneh, Dan},
  year={2010},
  organization={USENIX Association}
}

@article{gupta2022cse,
  title={CSE-IDS: Using cost-sensitive deep learning and ensemble algorithms to handle class imbalance in network-based intrusion detection systems},
  author={Gupta, Neha and Jindal, Vinita and Bedi, Punam},
  journal={Computers \& Security},
  volume={112},
  pages={102499},
  year={2022},
  publisher={Elsevier}
}

@misc{rfc8547,
  series={Request for Comments},
  number=8547,
  howpublished={RFC 8547},
  publisher={RFC Editor},
  doi={10.17487/RFC8547},
  url={https://www.rfc-editor.org/info/rfc8547},
  author={Andrea Bittau and Daniel B. Giffin and Mark J. Handley and David Mazieres and Eric W. Smith},
  title={{TCP-ENO: Encryption Negotiation Option}},
  pagetotal=31,
  year=2019,
  month=may,
  abstract={Despite growing adoption of TLS, a significant fraction of TCP traffic on the Internet remains unencrypted. The persistence of unencrypted traffic can be attributed to at least two factors. First, some legacy protocols lack a signaling mechanism (such as a STARTTLS command) by which to convey support for encryption, thus making incremental deployment impossible. Second, legacy applications themselves cannot always be upgraded and therefore require a way to implement encryption transparently entirely within the transport layer. The TCP Encryption Negotiation Option (TCP-ENO) addresses both of these problems through a new TCP option kind providing out-of-band, fully backward-compatible negotiation of encryption.},
}

@misc{rfc8548,
  series={Request for Comments},
  number=8548,
  howpublished={RFC 8548},
  publisher={RFC Editor},
  doi={10.17487/RFC8548},
  url={https://www.rfc-editor.org/info/rfc8548},
  author={Andrea Bittau and Daniel B. Giffin and Mark J. Handley and David Mazieres and Quinn Slack and Eric W. Smith},
  title={{Cryptographic Protection of TCP Streams (tcpcrypt)}},
  pagetotal=32,
  year=2019,
  month=may,
  abstract={This document specifies "tcpcrypt", a TCP encryption protocol designed for use in conjunction with the TCP Encryption Negotiation Option (TCP-ENO). Tcpcrypt coexists with middleboxes by tolerating resegmentation, NATs, and other manipulations of the TCP header. The protocol is self-contained and specifically tailored to TCP implementations, which often reside in kernels or other environments in which large external software dependencies can be undesirable. Because the size of TCP options is limited, the protocol requires one additional one-way message latency to perform key exchange before application data can be transmitted. However, the extra latency can be avoided between two hosts that have recently established a previous tcpcrypt connection.},
}

@article{dijkhuizen2018survey,
  title={A survey of network traffic anonymisation techniques and implementations},
  author={Dijkhuizen, Niels Van and Ham, Jeroen Van Der},
  journal={ACM Computing Surveys (CSUR)},
  volume={51},
  number={3},
  pages={1--27},
  year={2018},
  publisher={ACM New York, NY, USA}
}

@Manual{h2oai,
    title={H2O},
    author={H2O.ai},
    year={2023},
    month={mar},
    note={3.40.0.2},
    url={https://github.com/h2oai/h2o-3},
}

@article{scikit-learn,
 title={Scikit-learn: Machine Learning in {P}ython},
 author={Pedregosa, F. and Varoquaux, G. and Gramfort, A. and Michel, V.
         and Thirion, B. and Grisel, O. and Blondel, M. and Prettenhofer, P.
         and Weiss, R. and Dubourg, V. and Vanderplas, J. and Passos, A. and
         Cournapeau, D. and Brucher, M. and Perrot, M. and Duchesnay, E.},
 journal={Journal of Machine Learning Research},
 volume={12},
 pages={2825--2830},
 year={2011}
}

@INPROCEEDINGS{alias2013study,
  author={Alias, Syazwina Binti and Manickam, Selvakumar and Kadhum, Mohammed M.},
  booktitle={2013 International Conference on Advanced Computer Science Applications and Technologies},
  title={A Study on Packet Capture Mechanisms in Real Time Network Traffic},
  year={2013},
  volume={},
  number={},
  pages={456-460},
  doi={10.1109/ACSAT.2013.95}
}

@comment{jabref-meta: selector_keywords:}

@comment{jabref-meta: selector_journal:}

@comment{jabref-meta: selector_publisher:}

@comment{jabref-meta: selector_author:}

@comment{jabref-meta: selector_review:}
